@misc{oscar_project,
  author       = {The OSCAR Team},
  title        = {OSCAR - Open Source Computer Algebra Research},
  howpublished = {\url{https://oscar.computeralgebra.de/}},
  year         = {2024},
  note         = {Accessed: 2024-06-03}
}

@article{bezanson2017julia,
  title={Julia: A fresh approach to numerical computing},
  author={Bezanson, Jeff and Edelman, Alan and Karpinski, Stefan and Shah, Viral B},
  journal={SIAM review},
  volume={59},
  number={1},
  pages={65--98},
  year={2017},
  publisher={SIAM}
}

@misc{ollama,
  author       = {Ollama},
  title        = {Ollama - Local AI models},
  howpublished = {\url{https://ollama.ai/}},
  year         = {2024},
  note         = {Accessed: 2024-06-03}
}

@misc{huggingface,
  author       = {Hugging Face},
  title        = {Hugging Face - The AI Company},
  howpublished = {\url{https://huggingface.co/}},
  year         = {2024},
  note         = {Accessed: 2024-06-03}
}
